@book{nystrom,
    title = {Game Programming Patterns},
    author = {Robert Nystrom},
    isbn = {9780990582908},
    year = {2014},
    publisher = {Genever Benning}
}

@book{gambetta,
    title = {Computer Graphics from Scratch},
    author = {Gabriel Gambetta},
    isbn = {9781718500778},
    year = {2021},
    publisher = {No Starch Press}
}

@book{ierusalimschy,
    author = {Roberto Ierusalimschy},
    title = {Programming in Lua},
    publisher = {lua.org},
    year = {2004}
}